<?xml version="1.0" encoding="UTF-8"?><collection xmlns="http://www.loc.gov/MARC21/slim"><record><leader>00539nam--2200157-i-4500</leader><controlfield tag="001">000017034</controlfield><controlfield tag="002">20161230</controlfield><controlfield tag="005">20161230201032</controlfield><controlfield tag="008">060222s1000------------r-----000-0-eng-d</controlfield><datafield ind1=" " ind2=" " tag="080"><subfield code="a">517.5</subfield></datafield><datafield ind1=" " ind2=" " tag="100"><subfield code="a">Antosik, Piotr, Mikusinski, Jan And Sikorsky, Roman</subfield></datafield><datafield ind1=" " ind2=" " tag="245"><subfield code="a">Theory of distributions. the sequential approach</subfield></datafield><datafield ind1=" " ind2=" " tag="260"><subfield code="a">Amsterdam, Elsevier Scientific Publishing Company, 1973 Xi + 273 P</subfield></datafield><datafield ind1=" " ind2=" " tag="490"><subfield code="a">Modern Analytic And Computational Methods In Science And Mathematics</subfield></datafield><datafield ind1=" " ind2=" " tag="852"><subfield code="a">42412</subfield><subfield code="c">517.5</subfield></datafield><datafield ind1=" " ind2=" " tag="CAT"><subfield code="a">Sys</subfield><subfield code="c">20080806</subfield><subfield code="h">100234</subfield></datafield></record></collection>